<?xml version="1.0" encoding="UTF-8"?><collection xmlns="http://www.loc.gov/MARC21/slim"><record><leader>00451nam--2200145-i-4500</leader><controlfield tag="001">000010058</controlfield><controlfield tag="002">20161230</controlfield><controlfield tag="005">20161230201028</controlfield><controlfield tag="008">060222s1000------------r-----000-0-eng-d</controlfield><datafield ind1=" " ind2=" " tag="080"><subfield code="a">530.145:531.19</subfield></datafield><datafield ind1=" " ind2=" " tag="245"><subfield code="a">Statistical mechanics and quantum field theory mecanique statistique et theorie quantique des champs</subfield></datafield><datafield ind1=" " ind2=" " tag="260"><subfield code="a">New York, Gordon And Breach Science Publ. 1971 Xvi+552p</subfield></datafield><datafield ind1=" " ind2=" " tag="490"><subfield code="a">Les Houches 1970</subfield></datafield><datafield ind1=" " ind2=" " tag="700"><subfield code="a">De Witt, C</subfield></datafield><datafield ind1=" " ind2=" " tag="852"><subfield code="a">36372</subfield></datafield></record></collection>